<record><leader>00000cas a22000007a 4500</leader><controlfield tag="001">13048741</controlfield><controlfield tag="008">860122d18081834pauwr ne      0    0ger d</controlfield><datafield ind1=" " ind2=" " tag="010"><subfield code="a">sn 86071515 </subfield></datafield><datafield ind1=" " ind2=" " tag="040"><subfield code="a">NPH</subfield><subfield code="b">eng</subfield><subfield code="c">NPH</subfield><subfield code="d">DLC</subfield><subfield code="d">NPH</subfield><subfield code="d">NPX</subfield><subfield code="d">NPH</subfield><subfield code="d">DLC</subfield><subfield code="d">NVK</subfield><subfield code="d">OCL</subfield><subfield code="d">OCLCG</subfield><subfield code="d">OCLCF</subfield><subfield code="d">OCLCO</subfield></datafield><datafield ind1="1" ind2=" " tag="029"><subfield code="a">AU@</subfield><subfield code="b">000020128072</subfield></datafield><datafield ind1="0" ind2=" " tag="041"><subfield code="a">gereng</subfield></datafield><datafield ind1=" " ind2=" " tag="042"><subfield code="a">msc</subfield></datafield><datafield ind1="0" ind2="0" tag="050"><subfield code="a">Newspaper 9375-X</subfield></datafield><datafield ind1="0" ind2=" " tag="130"><subfield code="a">Volksfreund (Lancaster, Pa.)</subfield></datafield><datafield ind1="0" ind2="4" tag="245"><subfield code="a">Der Volksfreund.</subfield></datafield><datafield ind1=" " ind2=" " tag="260"><subfield code="a">Lancaster, Pa. :</subfield><subfield code="b">Gedruckt bey Hamilton und Ehrenfried,</subfield></datafield><datafield ind1=" " ind2=" " tag="300"><subfield code="a">v. ;</subfield><subfield code="c">43-46 cm.</subfield></datafield><datafield ind1=" " ind2=" " tag="310"><subfield code="a">Weekly</subfield></datafield><datafield ind1="0" ind2=" " tag="362"><subfield code="a">Bd. 1, Nr. 1 (9. Aug. 1808)-   ;   -Jahrg. 26, Nr. 32 (1. Apr. 1834).</subfield></datafield><datafield ind1=" " ind2=" " tag="500"><subfield code="a">Imprint varies: Gedruckt bey Hamilton &amp; Ehrenfried, &lt;1808&gt;; Gedruckt bey William Hamilton, &amp; Co., &lt;1810-1814&gt;; Gedruckt bey Joseph Ehrenfried, &lt;1815-1817&gt;; Gedruckt bey Johann Baer, &lt;1819-1830&gt;.</subfield></datafield><datafield ind1="4" ind2=" " tag="510"><subfield code="a">Shaw &amp; Shoemaker</subfield><subfield code="c">16648</subfield></datafield><datafield ind1="4" ind2=" " tag="510"><subfield code="a">Brigham, C.S.  Amer. newspapers,</subfield><subfield code="c">p. 874</subfield></datafield><datafield ind1=" " ind2=" " tag="546"><subfield code="a">In German; some notices in English.</subfield></datafield><datafield ind1=" " ind2="0" tag="650"><subfield code="a">Germans</subfield><subfield code="z">Pennsylvania</subfield><subfield code="v">Newspapers.</subfield></datafield><datafield ind1=" " ind2="0" tag="651"><subfield code="a">Lancaster (Pa.)</subfield><subfield code="v">Newspapers.</subfield></datafield><datafield ind1=" " ind2="7" tag="655"><subfield code="a">Newspapers.</subfield><subfield code="2">fast</subfield><subfield code="0">(OCoLC)fst01423814</subfield></datafield><datafield ind1=" " ind2="7" tag="650"><subfield code="a">Germans.</subfield><subfield code="2">fast</subfield><subfield code="0">(OCoLC)fst00942100</subfield></datafield><datafield ind1=" " ind2="7" tag="651"><subfield code="a">Pennsylvania.</subfield><subfield code="2">fast</subfield><subfield code="0">(OCoLC)fst01204598</subfield></datafield><datafield ind1=" " ind2="7" tag="651"><subfield code="a">Pennsylvania</subfield><subfield code="z">Lancaster.</subfield><subfield code="2">fast</subfield><subfield code="0">(OCoLC)fst01206374</subfield></datafield><datafield ind1="1" ind2=" " tag="700"><subfield code="a">Hamilton, William,</subfield><subfield code="d">1771?-1820.</subfield></datafield><datafield ind1="1" ind2=" " tag="700"><subfield code="a">Ehrenfried, Joseph,</subfield><subfield code="d">1783-1862.</subfield></datafield><datafield ind1="1" ind2=" " tag="700"><subfield code="a">Ba&#776;r, Johann,</subfield><subfield code="d">1795-1858.</subfield></datafield><datafield ind1=" " ind2=" " tag="752"><subfield code="a">United States</subfield><subfield code="b">Pennsylvania</subfield><subfield code="c">Lancaster</subfield><subfield code="d">Lancaster.</subfield></datafield><datafield ind1="0" ind2="7" tag="785"><subfield code="t">Lancaster Beobachter</subfield><subfield code="w">(DLC)sn 86071877</subfield></datafield><datafield ind1="0" ind2="7" tag="785"><subfield code="t">Volksfreund und Lancaster Beobachter</subfield><subfield code="w">(DLC)sn 86063531</subfield></datafield></record>